Details,Posting Date,Description,Amount,Type,Balance,Check or Slip #
DEBIT,03/02/2018,"POS DEBIT                USPS PO 40187205 311 SW   CORVALLIS    OR",-6.70,MISC_DEBIT, ,,
DEBIT,03/02/2018,"POS DEBIT                PITA PIT - 00-009         CORVALLIS    OR",-5.00,MISC_DEBIT, ,,
DEBIT,03/02/2018,"POS DEBIT                Subway Restaurant        CORVALLIS     OR",-4.99,MISC_DEBIT, ,,
DEBIT,03/01/2018,"SUBWAY        03035730 CORVALLIS OR          02/28",-6.00,DEBIT_CARD,1605.00,,
DEBIT,02/28/2018,"FRED-MEYE FRED MEYER 0 CORVALLIS OR          02/28",-475.79,DEBIT_CARD,1611.00,,
DEBIT,02/28/2018,"SUBWAY        03035730 CORVALLIS OR          02/27",-5.99,DEBIT_CARD,2086.79,,
CREDIT,02/28/2018,"OSU PAYROLL      PR DEPOSIT                 PPD ID: 9300058016",1590.20,ACH_CREDIT,2092.78,,
DEBIT,02/27/2018,"SUBWAY        03035730 CORVALLIS OR          02/26",-5.99,DEBIT_CARD,502.58,,
DEBIT,02/26/2018,"FRED-MEYE FRED MEYER 0 CORVALLIS OR          02/26",-4.48,DEBIT_CARD,508.57,,
DEBIT,02/26/2018,"FRED-MEYE FRED MEYER 0 CORVALLIS OR          02/25",-21.39,DEBIT_CARD,513.05,,
DEBIT,02/26/2018,"SQ *THE BEAVER HUT Corvallis OR              02/25",-9.75,DEBIT_CARD,534.44,,
DEBIT,02/26/2018,"FRED-MEYE FRED MEYER 0 CORVALLIS OR          02/25",-5.97,DEBIT_CARD,544.19,,
DEBIT,02/26/2018,"CARL'S JR 7680 CORVALLIS OR                  02/24",-5.00,DEBIT_CARD,550.16,,
DEBIT,02/26/2018,"SUBWAY        03035730 CORVALLIS OR          02/24",-4.99,DEBIT_CARD,555.16,,
DEBIT,02/26/2018,"FRED-MEYE FRED MEYER 0 CORVALLIS OR          02/24",-9.48,DEBIT_CARD,560.15,,
DEBIT,02/26/2018,"PITA PIT - 00-009 CORVALLIS OR               02/23",-5.00,DEBIT_CARD,569.63,,
DEBIT,02/23/2018,"3102PEPSIVEN9147678600 CORVALLIS OR          02/22",-1.75,DEBIT_CARD,574.63,,
DEBIT,02/23/2018,"SUBWAY        03035730 CORVALLIS OR          02/22",-4.99,DEBIT_CARD,576.38,,
DEBIT,02/23/2018,"Monroe International Ma Corvallis OR         02/21",-6.99,DEBIT_CARD,581.37,,
DEBIT,02/22/2018,"FRED-MEYER #0070 FRED CORVALLIS OR   235054  02/21",-1.50,DEBIT_CARD,588.36,,
CREDIT,02/22/2018,"ATM CASH DEPOSIT 02/21 777 NW KINGS BLVD CORVALLIS OR",160.00,ATM,589.86,,
DEBIT,02/21/2018,"SUBWAY        03035730 CORVALLIS OR          02/20",-4.99,DEBIT_CARD,429.86,,
DEBIT,02/20/2018,"FRED-MEYE FRED MEYER 0 CORVALLIS OR          02/20 Purchase $24.87 Cash Back $40.00",-64.87,DEBIT_CARD,434.85,,
DEBIT,02/20/2018,"FRED-MEYE FRED MEYER 0 CORVALLIS OR          02/19",-7.21,DEBIT_CARD,499.72,,
DEBIT,02/20/2018,"SUBWAY        03035730 CORVALLIS OR          02/19",-5.99,DEBIT_CARD,506.93,,
DEBIT,02/20/2018,"FRED-MEYE FRED MEYER 0 CORVALLIS OR          02/18",-11.27,DEBIT_CARD,512.92,,
DEBIT,02/20/2018,"FRED-MEYER #0070 FRED CORVALLIS OR   647720  02/17",-1.50,DEBIT_CARD,524.19,,
DEBIT,02/20/2018,"Monroe International Ma Corvallis OR         02/17",-5.98,DEBIT_CARD,525.69,,
DEBIT,02/20/2018,"SQ *DEATH BY DONUTZ Corvallis OR             02/17",-3.50,DEBIT_CARD,531.67,,
DEBIT,02/20/2018,"NEW CHINA BUFFET CORVALLIS OR                02/17",-13.99,DEBIT_CARD,535.17,,
DEBIT,02/20/2018,"OVERLEAF WRITELATEXLTD 8778877815            02/14",-7.50,DEBIT_CARD,549.16,,
CREDIT,02/20/2018,"ATM CASH DEPOSIT 02/17 777 NW KINGS BLVD CORVALLIS OR",300.00,ATM,556.66,,
DEBIT,02/16/2018,"AMAZON.COM SERVI INTERNET   091000014617256 WEB ID: 9049016352",-609.98,ACH_DEBIT,256.66,,
DEBIT,02/16/2018,"SUBWAY        03035730 CORVALLIS OR          02/15",-4.99,DEBIT_CARD,866.64,,
DEBIT,02/15/2018,"PAYPAL           INST XFER  NEWEGGCOM       WEB ID: PAYPALSI77",-18.59,ACH_DEBIT,871.63,,
DEBIT,02/15/2018,"3102PEPSIVEN9147678600 CORVALLIS OR          02/14",-1.75,DEBIT_CARD,890.22,,
DEBIT,02/15/2018,"SUBWAY        03035730 CORVALLIS OR          02/14",-4.99,DEBIT_CARD,891.97,,
DEBIT,02/14/2018,"PAYPAL           INST XFER  NEWEGGCOM       WEB ID: PAYPALSI77",-34.39,ACH_DEBIT,896.96,,
DEBIT,02/14/2018,"FRED-MEYER #0070 FRED CORVALLIS OR   617481  02/14",-2.50,DEBIT_CARD,931.35,,
DEBIT,02/14/2018,"FRED-MEYER #0070 FRED CORVALLIS OR   027864  02/13",-2.50,DEBIT_CARD,933.85,,
DEBIT,02/14/2018,"SUBWAY        03035730 CORVALLIS OR          02/13",-5.99,DEBIT_CARD,936.35,,
DEBIT,02/13/2018,"FRED-MEYE FRED MEYER 0 CORVALLIS OR          02/12",-4.09,DEBIT_CARD,942.34,,
DEBIT,02/13/2018,"SUBWAY        03035730 CORVALLIS OR          02/12",-5.99,DEBIT_CARD,946.43,,
DEBIT,02/12/2018,"SUBWAY        03035730 CORVALLIS OR          02/11",-4.99,DEBIT_CARD,952.42,,
DEBIT,02/12/2018,"FRED-MEYE FRED MEYER 0 CORVALLIS OR          02/10",-11.99,DEBIT_CARD,957.41,,
DEBIT,02/12/2018,"SUBWAY        03035730 CORVALLIS OR          02/10",-4.99,DEBIT_CARD,969.40,,
DEBIT,02/12/2018,"PITA PIT - 00-009 CORVALLIS OR               02/09",-5.00,DEBIT_CARD,974.39,,
DEBIT,02/09/2018,"7201 Dominos Pizza CORVALLIS OR              02/08",-6.59,DEBIT_CARD,979.39,,
DEBIT,02/09/2018,"CAMPUS DOWNWARD DOG CORVALLIS OR             02/08",-4.50,DEBIT_CARD,985.98,,
DEBIT,02/09/2018,"MCMENAMINS ON MONROE CORVALLIS OR            02/09",-6.00,DEBIT_CARD,990.48,,
DEBIT,02/09/2018,"SUBWAY        03035730 CORVALLIS OR          02/08",-4.99,DEBIT_CARD,996.48,,
DEBIT,02/08/2018,"SUBWAY        03035730 CORVALLIS OR          02/07",-4.99,DEBIT_CARD,1001.47,,
DEBIT,02/08/2018,"SQ *THE BEAVER HUT Corvallis OR              02/07",-3.00,DEBIT_CARD,1006.46,,
DEBIT,02/07/2018,"FRED-MEYE FRED MEYER 0 CORVALLIS OR          02/07",-16.72,DEBIT_CARD,1009.46,,
DEBIT,02/07/2018,"SUBWAY        03035730 CORVALLIS OR          02/06",-6.00,DEBIT_CARD,1026.18,,
DEBIT,02/06/2018,"VESTA  *T-MOBILE 888-278-3397 OR             02/06",-25.75,DEBIT_CARD,1032.18,,
DEBIT,02/06/2018,"FRED MEYE FRED MEYER 0 CORVALLIS OR          02/05 Purchase $2.49 Cash Back $20.00",-22.49,DEBIT_CARD,1057.93,,
DEBIT,02/06/2018,"SUBWAY        03035730 CORVALLIS OR          02/05",-5.99,DEBIT_CARD,1080.42,,
DEBIT,02/06/2018,"BURGER KING #13938 CORVALLIS OR              02/04",-5.49,DEBIT_CARD,1086.41,,
DEBIT,02/05/2018,"CIRCLE K 00292 1467 NW CORVALLIS OR          02/05 Purchase $2.09 Cash Back $10.00",-12.09,DEBIT_CARD,1091.90,,
DEBIT,02/05/2018,"FRED MEYER FRED MEYER CORVALLIS OR   215386  02/04",-1.50,DEBIT_CARD,1103.99,,
DEBIT,02/05/2018,"3102PEPSIVEN9147678600 CORVALLIS OR          02/04",-1.75,DEBIT_CARD,1105.49,,
DEBIT,02/05/2018,"SUBWAY        03035730 CORVALLIS OR          02/04",-8.29,DEBIT_CARD,1107.24,,
DEBIT,02/05/2018,"MCDONALD'S F14142 CORVALLIS OR               02/03",-4.00,DEBIT_CARD,1115.53,,
DEBIT,02/05/2018,"USPS PO 40187205 311 S CORVALLIS OR  540434  02/03",-17.30,DEBIT_CARD,1119.53,,
DEBIT,02/05/2018,"FRED-MEYE FRED MEYER 0 CORVALLIS OR          02/02",-7.17,DEBIT_CARD,1136.83,,
DEBIT,02/05/2018,"PITA PIT - 00-009 CORVALLIS OR               02/02",-5.00,DEBIT_CARD,1144.00,,
DEBIT,02/05/2018,"CAMPUS DOWNWARD DOG CORVALLIS OR             02/01",-8.25,DEBIT_CARD,1149.00,,
DEBIT,02/02/2018,"ROCKYMTN/PACIFIC POWER BILL 274524761ACHPAY WEB ID: 1930246090",-195.69,ACH_DEBIT,1157.25,,
DEBIT,02/02/2018,"FRED MEYER FRED MEYER CORVALLIS OR   562788  02/02",-1.49,DEBIT_CARD,1352.94,,
DEBIT,02/02/2018,"FRED MEYER FRED MEYER CORVALLIS OR   837527  02/01",-1.99,DEBIT_CARD,1354.43,,
DEBIT,02/02/2018,"SUBWAY        03035730 CORVALLIS OR          02/01",-4.99,DEBIT_CARD,1356.42,,
DEBIT,02/01/2018,"SPRINTAX.COM 6014967 HTTPSWWW.SPRI IL        01/31",-25.95,DEBIT_CARD,1361.41,,
DEBIT,02/01/2018,"SUBWAY        03035730 CORVALLIS OR          01/31",-6.00,DEBIT_CARD,1387.36,,
DEBIT,01/31/2018,"FRED-MEYE FRED MEYER 0 CORVALLIS OR          01/31",-4.47,DEBIT_CARD,1393.36,,
DEBIT,01/31/2018,"USPS PO 40187205 311 S CORVALLIS OR  915023  01/31",-6.70,DEBIT_CARD,1397.83,,
DEBIT,01/31/2018,"FRED-MEYE FRED MEYER 0 CORVALLIS OR          01/31",-285.79,DEBIT_CARD,1404.53,,
DEBIT,01/31/2018,"FRED-MEYE FRED MEYER 0 CORVALLIS OR          01/30",-3.49,DEBIT_CARD,1690.32,,
DEBIT,01/31/2018,"SUBWAY        03035730 CORVALLIS OR          01/30",-4.99,DEBIT_CARD,1693.81,,
CREDIT,01/31/2018,"OSU PAYROLL      PR DEPOSIT                 PPD ID: 9300058016",1616.19,ACH_CREDIT,1698.80,,
DEBIT,01/30/2018,"SUBWAY        03035730 CORVALLIS OR          01/29",-5.99,DEBIT_CARD,82.61,,
DEBIT,01/29/2018,"FRED-MEYE FRED MEYER 0 CORVALLIS OR          01/29",-3.18,DEBIT_CARD,88.60,,
DEBIT,01/29/2018,"3102PEPSIVEN9147678600 CORVALLIS OR          01/28",-1.75,DEBIT_CARD,91.78,,
DEBIT,01/29/2018,"SUBWAY        03035730 CORVALLIS OR          01/28",-4.99,DEBIT_CARD,93.53,,
DEBIT,01/29/2018,"3102PEPSIVEN9147678600 CORVALLIS OR          01/27",-1.75,DEBIT_CARD,98.52,,
DEBIT,01/29/2018,"CAFE YUMM #100007 CORVALLIS OR               01/27",-8.95,DEBIT_CARD,100.27,,
DEBIT,01/29/2018,"PITA PIT - 00-009 CORVALLIS OR               01/26",-5.99,DEBIT_CARD,109.22,,
DEBIT,01/26/2018,"FRED-MEYER #0070 FRED CORVALLIS OR   139173  01/25",-1.99,DEBIT_CARD,115.21,,
DEBIT,01/26/2018,"SUBWAY        03035730 CORVALLIS OR          01/25",-6.00,DEBIT_CARD,117.20,,
DEBIT,01/25/2018,"FRED MEYE FRED MEYER 0 CORVALLIS OR          01/24",-7.77,DEBIT_CARD,123.20,,
DEBIT,01/25/2018,"SUBWAY        03035730 CORVALLIS OR          01/24",-6.00,DEBIT_CARD,130.97,,
DEBIT,01/25/2018,"JERSEY MIKE'S 32015 CORVALLIS OR             01/23",-7.20,DEBIT_CARD,136.97,,
DEBIT,01/24/2018,"SUBWAY        03035730 CORVALLIS OR          01/23",-6.00,DEBIT_CARD,144.17,,
DEBIT,01/23/2018,"SUBWAY        03035730 CORVALLIS OR          01/22",-6.00,DEBIT_CARD,150.17,,
DEBIT,01/22/2018,"FRED MEYE FRED MEYER 0 CORVALLIS OR          01/21",-4.99,DEBIT_CARD,156.17,,
DEBIT,01/22/2018,"3102PEPSIVEN9147678600 CORVALLIS OR          01/21",-1.75,DEBIT_CARD,161.16,,
DEBIT,01/22/2018,"SQ *THE BEAVER HUT Corvallis OR              01/21",-5.00,DEBIT_CARD,162.91,,
DEBIT,01/22/2018,"FRED MEYE FRED MEYER 0 CORVALLIS OR          01/20",-14.91,DEBIT_CARD,167.91,,
DEBIT,01/22/2018,"3102PEPSIVEN9147678600 CORVALLIS OR          01/20",-1.75,DEBIT_CARD,182.82,,
DEBIT,01/22/2018,"SUBWAY        03035730 CORVALLIS OR          01/20",-6.00,DEBIT_CARD,184.57,,
DEBIT,01/22/2018,"FRED MEYER FRED MEYER CORVALLIS OR   820794  01/19",-1.50,DEBIT_CARD,190.57,,
DEBIT,01/22/2018,"PITA PIT - 00-009 CORVALLIS OR               01/19",-5.00,DEBIT_CARD,192.07,,
DEBIT,01/19/2018,"SUBWAY        03035730 CORVALLIS OR          01/18",-6.00,DEBIT_CARD,197.07,,
DEBIT,01/18/2018,"FRED MEYER FRED MEYER CORVALLIS OR   114641  01/18",-1.50,DEBIT_CARD,203.07,,
DEBIT,01/17/2018,"FRED MEYER FRED MEYER CORVALLIS OR   552208  01/17",-2.19,DEBIT_CARD,204.57,,
DEBIT,01/17/2018,"FRED MEYE FRED MEYER 0 CORVALLIS OR          01/17",-3.88,DEBIT_CARD,206.76,,
DEBIT,01/17/2018,"SUBWAY        03035730 CORVALLIS OR          01/16",-6.00,DEBIT_CARD,210.64,,
DEBIT,01/16/2018,"AMAZON MARKETPLA INTERNET   091000014402296 WEB ID: 9049016352",-36.55,ACH_DEBIT,216.64,,
DEBIT,01/16/2018,"AMAZON MARKETPLA INTERNET   091000014165964 WEB ID: 9049016352",-60.03,ACH_DEBIT,253.19,,
DEBIT,01/16/2018,"FRED MEYE FRED MEYER 0 CORVALLIS OR          01/15",-4.99,DEBIT_CARD,313.22,,
DEBIT,01/16/2018,"FOREIGN EXCHANGE RATE ADJUSTMENT FEE         01/15MEGA PRO",-0.18,FEE_TRANSACTION,318.21,,
DEBIT,01/16/2018,"MEGA PRO GLOBAL                              01/15 Euro       4.99 X 1.230461 (EXCHG RTE)",-6.14,DEBIT_CARD,318.39,,
DEBIT,01/16/2018,"SUBWAY        03035730 CORVALLIS OR          01/15",-4.99,DEBIT_CARD,324.53,,
DEBIT,01/16/2018,"FRED MEYER FRED MEYER CORVALLIS OR   526538  01/14",-1.50,DEBIT_CARD,329.52,,
DEBIT,01/16/2018,"SUBWAY        03035730 CORVALLIS OR          01/14",-4.99,DEBIT_CARD,331.02,,
DEBIT,01/16/2018,"FRED MEYE FRED MEYER 0 CORVALLIS OR          01/13",-16.21,DEBIT_CARD,336.01,,
DEBIT,01/16/2018,"FRED MEYE FRED MEYER 0 CORVALLIS OR          01/12",-19.04,DEBIT_CARD,352.22,,
DEBIT,01/16/2018,"EVERGREEN SOUTH AND NOR CORVALLIS OR         01/13",-18.95,DEBIT_CARD,371.26,,
DEBIT,01/16/2018,"PITA PIT - 00-009 CORVALLIS OR               01/12",-5.00,DEBIT_CARD,390.21,,
DEBIT,01/12/2018,"SUBWAY        03035730 CORVALLIS OR          01/11",-6.00,DEBIT_CARD,395.21,,
DEBIT,01/11/2018,"FRED MEYER FRED MEYER CORVALLIS OR   717418  01/10",-2.28,DEBIT_CARD,401.21,,
DEBIT,01/10/2018,"AMAZON           INTERNET   091000013182210 WEB ID: 9049016352",-19.58,ACH_DEBIT,403.49,,
DEBIT,01/10/2018,"CHIPOTLE 1199 CORVALLIS OR                   01/09",-7.15,DEBIT_CARD,423.07,,
DEBIT,01/08/2018,"FRED MEYE FRED MEYER 0 CORVALLIS OR          01/08",-6.28,DEBIT_CARD,430.22,,
DEBIT,01/08/2018,"FRED MEYE FRED MEYER 0 CORVALLIS OR          01/08",-3.29,DEBIT_CARD,436.50,,
DEBIT,01/08/2018,"FRED MEYE FRED MEYER 0 CORVALLIS OR          01/07",-11.20,DEBIT_CARD,439.79,,
DEBIT,01/08/2018,"CARL'S JR #8990 KEIZER OR                    01/06",-5.00,DEBIT_CARD,450.99,,
DEBIT,01/08/2018,"PILOT_00386 Brooks OR                        01/06",-5.00,DEBIT_CARD,455.99,,
DEBIT,01/08/2018,"CHEVRON 0379179 ESTACADA OR                  01/06",-10.00,DEBIT_CARD,460.99,,
DEBIT,01/08/2018,"THE COUNTRY RESTAURANT ESTACADA OR           01/07",-17.20,DEBIT_CARD,470.99,,
DEBIT,01/08/2018,"ENTERPRISE RENT-A-CAR CORVALLIS OR           01/06",-250.00,DEBIT_CARD,488.19,,
DEBIT,01/08/2018,"PITA PIT - 00-009 CORVALLIS OR               01/05",-5.00,DEBIT_CARD,738.19,,
DEBIT,01/08/2018,"SUBWAY        03035730 CORVALLIS OR          01/05",-3.99,DEBIT_CARD,743.19,,
DEBIT,01/08/2018,"O SUSHI PORTLAND OR                          01/04",-16.25,DEBIT_CARD,747.18,,
CREDIT,01/08/2018,"QuickPay with Zelle payment from OVUNC TUZEL 6805602298",35.00,QUICKPAY_CREDIT,763.43,,
DEBIT,01/08/2018,"ENTERPRISE RENT-A-CAR CORVALLIS OR           01/07",155.28,DEBIT_CARD,728.43,,
DEBIT,01/05/2018,"ROCKYMTN/PACIFIC POWER BILL 193689140ACHPAY WEB ID: 1930246090",-198.41,ACH_DEBIT,573.15,,
DEBIT,01/05/2018,"SQ *POBLANO PEPPER VANCOUVER WA              01/04",-9.00,DEBIT_CARD,771.56,,
DEBIT,01/05/2018,"ALASKA AIR  02721598993 SEATTLE WA           01/02",-208.60,DEBIT_CARD,780.56,,
DEBIT,01/04/2018,"FUBONN SU 2850 SE 82ND PORTLAND OR           01/04",-18.86,DEBIT_CARD,989.16,,
DEBIT,01/04/2018,"TRAVEL INSURANCE POLI 800-729-6021 VA        01/03",-21.00,DEBIT_CARD,1008.02,,
DEBIT,01/04/2018,"PRICELINE*AIR TICKETS 800-774-2354 CT        01/04",-7.00,DEBIT_CARD,1029.02,,
DEBIT,01/04/2018,"STARBUCKS B IND INDIANAPOLIS IN              01/02",-10.57,DEBIT_CARD,1036.02,,
DEBIT,01/03/2018,"AVIANCA TRAV13470343857 MIAMI FL             01/02",-598.01,DEBIT_CARD,1046.59,,
DEBIT,01/02/2018,"EITELJORG MUSEUM OF A INDIANAPOLIS IN        12/31",-20.00,DEBIT_CARD,1644.60,,
CREDIT,12/29/2017,"OSU PAYROLL      PR DEPOSIT                 PPD ID: 9300058016",1616.19,ACH_CREDIT,1664.60,,
DEBIT,12/26/2017,"PAYPAL           INST XFER  STEAM GAMES     WEB ID: PAYPALSI77",-19.99,ACH_DEBIT,48.41,,
DEBIT,12/26/2017,"VESTA  *T-MOBILE 888-278-3397 OR             12/26",-25.75,DEBIT_CARD,68.40,,
DEBIT,12/26/2017,"QuickPay with Zelle payment to Ovunc 6772841391",-60.00,QUICKPAY_DEBIT,94.15,,
DEBIT,12/26/2017,"DUNN BROS C MSP ST. PAUL MN                  12/25",-5.04,DEBIT_CARD,154.15,,
DEBIT,12/26/2017,"STIR FRESH PORTLAND OR                       12/24",-25.00,DEBIT_CARD,159.19,,
DEBIT,12/26/2017,"MADE IN OREGON PPL PORTLAND OR               12/24",-18.95,DEBIT_CARD,184.19,,
DEBIT,12/26/2017,"TOMMY HILFIGER WOODBURN OR                   12/24",-83.96,DEBIT_CARD,203.14,,
DEBIT,12/26/2017,"AUNTIE ANNE'S OR103 503-981-2103 OR          12/24",-7.78,DEBIT_CARD,287.10,,
DEBIT,12/26/2017,"FRED MEYE FRED MEYER 0 CORVALLIS OR          12/24",-5.49,DEBIT_CARD,294.88,,
DEBIT,12/26/2017,"FRED MEYE FRED MEYER 0 CORVALLIS OR          12/23",-7.15,DEBIT_CARD,300.37,,
DEBIT,12/26/2017,"3102PEPSIVEN9147678600 CORVALLIS OR          12/22",-1.75,DEBIT_CARD,307.52,,
DEBIT,12/22/2017,"GOODWILL OF CORVAL CORVALLIS OR      418212  12/22",-24.97,DEBIT_CARD,309.27,,
DEBIT,12/22/2017,"FRED MEYE FRED MEYER 0 CORVALLIS OR          12/22",-50.82,DEBIT_CARD,334.24,,
DEBIT,12/22/2017,"3102PEPSIVEN9147678600 CORVALLIS OR          12/21",-1.75,DEBIT_CARD,385.06,,
DEBIT,12/20/2017,"FRED MEYE FRED MEYER 0 CORVALLIS OR          12/20",-3.99,DEBIT_CARD,386.81,,
DEBIT,12/20/2017,"FRED MEYER FRED MEYER CORVALLIS OR   962620  12/20",-1.50,DEBIT_CARD,390.80,,
DSLIP,12/20/2017,"REMOTE ONLINE DEPOSIT #          1",67.00,CHECK_DEPOSIT,392.30,1,
DEBIT,12/19/2017,"FRED MEYE FRED MEYER 0 CORVALLIS OR          12/19",-4.98,DEBIT_CARD,325.30,,
DEBIT,12/18/2017,"FRED MEYE FRED MEYER 0 CORVALLIS OR          12/18",-3.49,DEBIT_CARD,330.28,,
DEBIT,12/18/2017,"FRED MEYE FRED MEYER 0 CORVALLIS OR          12/18",-285.79,DEBIT_CARD,333.77,,
DEBIT,12/18/2017,"FRED MEYE FRED MEYER 0 CORVALLIS OR          12/18",-7.49,DEBIT_CARD,619.56,,
DEBIT,12/18/2017,"FRED MEYE FRED MEYER 0 CORVALLIS OR          12/17",-15.50,DEBIT_CARD,627.05,,
DEBIT,12/15/2017,"FRED MEYE FRED MEYER 0 CORVALLIS OR          12/15",-32.15,DEBIT_CARD,642.55,,
DEBIT,12/15/2017,"7201 Dominos Pizza CORVALLIS OR              12/14",-2.40,DEBIT_CARD,674.70,,
DEBIT,12/15/2017,"SQ *SUGOI SUSHI Corvallis OR                 12/14",-19.74,DEBIT_CARD,677.10,,
DEBIT,12/15/2017,"Bombs Away Cafe Corvallis OR                 12/14",-8.00,DEBIT_CARD,696.84,,
DEBIT,12/12/2017,"FRED MEYER FRED MEYER CORVALLIS OR   825135  12/12",-1.50,DEBIT_CARD,704.84,,
DEBIT,12/12/2017,"SQ *THAI CHILI CORVALLIS OR                  12/11",-12.00,DEBIT_CARD,706.34,,
DEBIT,12/11/2017,"FRED MEYE FRED MEYER 0 CORVALLIS OR          12/11",-4.59,DEBIT_CARD,718.34,,
DEBIT,12/11/2017,"FRED MEYER FRED MEYER CORVALLIS OR   861815  12/10",-2.49,DEBIT_CARD,722.93,,
DEBIT,12/11/2017,"3102PEPSIVEN9147678600 CORVALLIS OR          12/10",-1.75,DEBIT_CARD,725.42,,
DEBIT,12/11/2017,"SUBWAY        03035730 CORVALLIS OR          12/10",-6.00,DEBIT_CARD,727.17,,
DEBIT,12/11/2017,"SHOGUN BOWL CORVALLIS OR                     12/09",-4.85,DEBIT_CARD,733.17,,
DEBIT,12/11/2017,"WINCO FOODS #3 2335 Nw CORVALLIS OR  655059  12/09",-12.67,DEBIT_CARD,738.02,,
DEBIT,12/11/2017,"NEWYORKBAGELS CORVALLIS OR                   12/09",-7.50,DEBIT_CARD,750.69,,
DEBIT,12/11/2017,"3102PEPSIVEN9147678600 CORVALLIS OR          12/08",-1.75,DEBIT_CARD,758.19,,
DEBIT,12/08/2017,"FRED MEYE FRED MEYER 0 CORVALLIS OR          12/08",-21.18,DEBIT_CARD,759.94,,
DEBIT,12/08/2017,"SHOGUN BOWL CORVALLIS OR                     12/07",-9.75,DEBIT_CARD,781.12,,
DEBIT,12/07/2017,"FRED MEYER FRED MEYER CORVALLIS OR   905836  12/07",-1.50,DEBIT_CARD,790.87,,
DEBIT,12/07/2017,"3102PEPSIVEN9147678600 CORVALLIS OR          12/06",-1.75,DEBIT_CARD,792.37,,
DEBIT,12/06/2017,"FRED MEYE FRED MEYER 0 CORVALLIS OR          12/06",-8.69,DEBIT_CARD,794.12,,
DEBIT,12/05/2017,"OVERSITY LIMITED IAT PAYPAL 1002153317432   WEB ID: 770510487C",-4.17,ACH_DEBIT,802.81,,
DEBIT,12/05/2017,"AMAZON MARKETPLA INTERNET   091000018823832 WEB ID: 9049016352",-35.33,ACH_DEBIT,806.98,,
DEBIT,12/05/2017,"FRED MEYE FRED MEYER 0 CORVALLIS OR          12/05",-4.49,DEBIT_CARD,842.31,,
DEBIT,12/05/2017,"3102PEPSIVEN9147678600 CORVALLIS OR          12/04",-1.75,DEBIT_CARD,846.80,,
DEBIT,12/05/2017,"INDOOR SPORTS PARK 541-757-0776 OR           12/03",-44.40,DEBIT_CARD,848.55,,
DEBIT,12/04/2017,"ROCKYMTN/PACIFIC POWER BILL 850191621ACHPAY WEB ID: 1930246090",-132.34,ACH_DEBIT,892.95,,
DEBIT,12/04/2017,"FRED MEYE FRED MEYER 0 CORVALLIS OR          12/04",-9.78,DEBIT_CARD,1025.29,,
DEBIT,12/04/2017,"FRED MEYER FRED MEYER CORVALLIS OR   633353  12/04",-2.10,DEBIT_CARD,1035.07,,
DEBIT,12/04/2017,"FRED MEYER FRED MEYER CORVALLIS OR   224320  12/03",-1.50,DEBIT_CARD,1037.17,,
DEBIT,12/04/2017,"3102PEPSIVEN9147678600 CORVALLIS OR          12/03",-1.75,DEBIT_CARD,1038.67,,
DEBIT,12/04/2017,"FRED MEYE FRED MEYER 0 CORVALLIS OR          12/02",-9.18,DEBIT_CARD,1040.42,,
DEBIT,12/04/2017,"FRED MEYER FRED MEYER CORVALLIS OR   860815  12/02",-1.89,DEBIT_CARD,1049.60,,
DEBIT,12/04/2017,"FRED MEYER FRED MEYER CORVALLIS OR   550131  12/02",-2.49,DEBIT_CARD,1051.49,,
DEBIT,12/01/2017,"FRED MEYE FRED MEYER 0 CORVALLIS OR          11/30",-4.99,DEBIT_CARD,1053.98,,
DEBIT,12/01/2017,"SQ *SAFFRON KABOB Corvallis OR               11/30",-10.80,DEBIT_CARD,1058.97,,
DEBIT,11/30/2017,"USPS PO 40187205 311 S CORVALLIS OR  629310  11/30",-18.00,DEBIT_CARD,1069.77,,
DEBIT,11/30/2017,"FRED MEYE FRED MEYER 0 CORVALLIS OR          11/30",-285.79,DEBIT_CARD,1087.77,,
DEBIT,11/30/2017,"Online Transfer 6706122014 to bbam #######9101 transaction #: 6706122014 11/30",-200.00,ACCT_XFER,1373.56,,
CREDIT,11/30/2017,"OSU PAYROLL      PR DEPOSIT                 PPD ID: 9300058016",1616.19,ACH_CREDIT,1573.56,,
DEBIT,11/29/2017,"INSUFFICIENT FUNDS FEE FOR A $8.26 CARD PURCHASE WITH PIN - DETAILS:       1129FRED MEYE FRED MEYER 0 CORVALLIS OR  04867967026299192",-34.00,FEE_TRANSACTION,-42.63,,
DEBIT,11/29/2017,"FRED MEYE FRED MEYER 0 CORVALLIS OR          11/29",-8.26,DEBIT_CARD,-8.63,,
DEBIT,11/27/2017,"PAYPAL           INST XFER  STEAM GAMES     WEB ID: PAYPALSI77",-7.49,ACH_DEBIT,-0.37,,
DEBIT,11/27/2017,"VESTA  *T-MOBILE 888-278-3397 OR             11/26",-25.75,DEBIT_CARD,7.12,,
DEBIT,11/27/2017,"PAYPAL           INST XFER  NEWEGGCOM       WEB ID: PAYPALSI77",-349.00,ACH_DEBIT,32.87,,
DEBIT,11/24/2017,"FRED MEYE FRED MEYER 0 CORVALLIS OR          11/23",-32.63,DEBIT_CARD,381.87,,
DEBIT,11/24/2017,"FRED MEYE FRED MEYER 0 CORVALLIS OR          11/22",-3.88,DEBIT_CARD,414.50,,
DEBIT,11/22/2017,"FRED MEYE FRED MEYER 0 CORVALLIS OR          11/21",-5.49,DEBIT_CARD,418.38,,
DEBIT,11/22/2017,"3102PEPSIVEN9147678600 CORVALLIS OR          11/21",-1.75,DEBIT_CARD,423.87,,
DEBIT,11/21/2017,"FRED MEYER FRED MEYER CORVALLIS OR   801868  11/21",-2.39,DEBIT_CARD,425.62,,
DEBIT,11/20/2017,"FRED MEYE FRED MEYER 0 CORVALLIS OR          11/19",-10.66,DEBIT_CARD,428.01,,
DEBIT,11/20/2017,"2 STONES WOOD FIRED ITA CORVALLIS OR         11/17",-21.60,DEBIT_CARD,438.67,,
DEBIT,11/17/2017,"FRED MEYE FRED MEYER 0 CORVALLIS OR          11/17",-4.99,DEBIT_CARD,460.27,,
DEBIT,11/17/2017,"FRED MEYE FRED MEYER 0 CORVALLIS OR          11/16",-4.39,DEBIT_CARD,465.26,,
DEBIT,11/16/2017,"SQ *CORVALLIS BICYCLE C Corvallis OR         11/15",-25.00,DEBIT_CARD,469.65,,
DEBIT,11/15/2017,"FRED MEYE FRED MEYER 0 CORVALLIS OR          11/15",-3.58,DEBIT_CARD,494.65,,
DEBIT,11/14/2017,"FRED MEYE FRED MEYER 0 CORVALLIS OR          11/14",-24.39,DEBIT_CARD,498.23,,
DEBIT,11/13/2017,"FRED MEYER FRED MEYER CORVALLIS OR   758701  11/13",-2.67,DEBIT_CARD,522.62,,
DEBIT,11/13/2017,"FRED MEYE FRED MEYER 0 CORVALLIS OR          11/12",-8.37,DEBIT_CARD,525.29,,
DEBIT,11/13/2017,"WINCO FOODS #3 2335 Nw CORVALLIS OR  712574  11/12",-29.81,DEBIT_CARD,533.66,,
DEBIT,11/13/2017,"ELMERS RESTAURANT CORVALLIS OR               11/11",-14.00,DEBIT_CARD,563.47,,
DEBIT,11/13/2017,"3102PEPSIVEN9147678600 CORVALLIS OR          11/10",-1.75,DEBIT_CARD,577.47,,
DEBIT,11/10/2017,"FRED MEYE FRED MEYER 0 CORVALLIS OR          11/09",-7.68,DEBIT_CARD,579.22,,
DEBIT,11/09/2017,"3102PEPSIVEN9147678600 CORVALLIS OR          11/08",-1.75,DEBIT_CARD,586.90,,
DEBIT,11/08/2017,"FRED MEYE FRED MEYER 0 CORVALLIS OR          11/08",-8.77,DEBIT_CARD,588.65,,
DEBIT,11/07/2017,"AMAZON MARKETPLA INTERNET   091000018320450 WEB ID: 9049016352",-41.17,ACH_DEBIT,597.42,,
DEBIT,11/07/2017,"FRED MEYER FRED MEYER CORVALLIS OR   951629  11/07",-0.89,DEBIT_CARD,638.59,,
DEBIT,11/07/2017,"WINCO FOODS #3 2335 Nw CORVALLIS OR  734994  11/07",-2.67,DEBIT_CARD,639.48,,
DEBIT,11/07/2017,"GOODWILL OF CORVAL CORVALLIS OR      151378  11/07",-39.56,DEBIT_CARD,642.15,,
DEBIT,11/07/2017,"FRED MEYE FRED MEYER 0 CORVALLIS OR          11/06",-9.37,DEBIT_CARD,681.71,,
DEBIT,11/06/2017,"OVERSITY LIMITED IAT PAYPAL 1001968312155   WEB ID: 770510487C",-4.06,ACH_DEBIT,691.08,,
DEBIT,11/06/2017,"OVERSITY LIMITED IAT PAYPAL 1001968342959   WEB ID: 770510487C",-4.06,ACH_DEBIT,695.14,,
DEBIT,11/06/2017,"CAMPUS DOWNWARD DOG CORVALLIS OR             11/06",-36.50,DEBIT_CARD,699.20,,
DEBIT,11/06/2017,"FRED MEYER FRED MEYER CORVALLIS OR   655500  11/04",-2.39,DEBIT_CARD,735.70,,
DEBIT,11/03/2017,"OREGON ST UNIV   PD_ON_ACCT 590070          WEB ID: 9300058003",-87.44,ACH_DEBIT,738.09,,
DEBIT,11/02/2017,"DENTAL HEALTH PC CORVALLIS OR                11/01",-120.80,DEBIT_CARD,825.53,,
DEBIT,11/01/2017,"Online Transfer 6635304295 to bbam #######9101 transaction #: 6635304295 11/01",-200.00,ACCT_XFER,946.33,,
DEBIT,11/01/2017,"FRED MEYER FRED MEYER CORVALLIS OR   461444  10/31",-2.00,DEBIT_CARD,1146.33,,
DEBIT,10/31/2017,"ROCKYMTN/PACIFIC POWER BILL 850722341ACHPAY WEB ID: 1930246090",-62.71,ACH_DEBIT,1148.33,,
DEBIT,10/31/2017,"WINCO FOODS #3 2335 Nw CORVALLIS OR  259881  10/31",-25.86,DEBIT_CARD,1211.04,,
DEBIT,10/31/2017,"ATM WITHDRAWAL                       003662  10/31777 NW KI",-20.00,ATM,1236.90,,
DEBIT,10/31/2017,"FRED MEYE FRED MEYER 0 CORVALLIS OR          10/31",-285.79,DEBIT_CARD,1256.90,,
DEBIT,10/31/2017,"FRED MEYE FRED MEYER 0 CORVALLIS OR          10/31",-107.81,DEBIT_CARD,1542.69,,
CREDIT,10/31/2017,"OSU PAYROLL      PR DEPOSIT                 PPD ID: 9300058016",1652.05,ACH_CREDIT,1650.50,,
DEBIT,10/30/2017,"VESTA  *T-MOBILE 888-278-3397 OR             10/27",-25.75,DEBIT_CARD,-1.55,,
DEBIT,10/23/2017,"FRED MEYER FRED MEYER CORVALLIS OR   939995  10/22",-1.78,DEBIT_CARD,24.20,,
DEBIT,10/20/2017,"WM SUPERC Wal-Mart Sup CORVALLIS OR          10/20 Purchase $1.16 Cash Back $20.00",-21.16,DEBIT_CARD,25.98,,
DEBIT,10/20/2017,"TRAVEL INSURANCE POLI 800-729-6021 VA        10/19",-22.75,DEBIT_CARD,47.14,,
DEBIT,10/19/2017,"USPS PO 40187205 311 S CORVALLIS OR  858706  10/19",-19.95,DEBIT_CARD,69.89,,
DEBIT,10/19/2017,"DELTA AIR   00623001054 DELTA.COM CA         10/18",-325.60,DEBIT_CARD,89.84,,
DEBIT,10/18/2017,"FRED MEYE FRED MEYER 0 CORVALLIS OR          10/18",-32.19,DEBIT_CARD,415.44,,
DEBIT,10/17/2017,"FRED MEYE FRED MEYER 0 CORVALLIS OR          10/17",-14.71,DEBIT_CARD,447.63,,
DSLIP,10/17/2017,"REMOTE ONLINE DEPOSIT #          1",335.00,CHECK_DEPOSIT,462.34,1,
DEBIT,10/16/2017,"FRED MEYE FRED MEYER 0 CORVALLIS OR          10/15",-18.63,DEBIT_CARD,127.34,,
DEBIT,10/16/2017,"BLOCK 15 CORVALLIS OR                        10/15",-11.59,DEBIT_CARD,145.97,,
DEBIT,10/16/2017,"SHOGUN BOWL CORVALLIS OR                     10/14",-8.30,DEBIT_CARD,157.56,,
DEBIT,10/11/2017,"FRED MEYE FRED MEYER 0 CORVALLIS OR          10/11",-20.86,DEBIT_CARD,165.86,,
DEBIT,10/10/2017,"FRED MEYE FRED MEYER 0 CORVALLIS OR          10/10",-11.84,DEBIT_CARD,186.72,,
DEBIT,10/10/2017,"SQ *BLOCK 15 Corvallis OR                    10/08",-10.00,DEBIT_CARD,198.56,,
DEBIT,10/10/2017,"SQ *BLOCK 15 Corvallis OR                    10/08",-21.50,DEBIT_CARD,208.56,,
DEBIT,10/10/2017,"SQ *BLOCK 15 Corvallis OR                    10/08",-5.00,DEBIT_CARD,230.06,,
DEBIT,10/10/2017,"SQ *CHEESY STUFFED BURG Corvallis OR         10/07",-2.25,DEBIT_CARD,235.06,,
DEBIT,10/06/2017,"FRED MEYER FRED MEYER CORVALLIS OR   552252  10/06",-0.89,DEBIT_CARD,237.31,,
DEBIT,10/03/2017,"FRED MEYE FRED MEYER 0 CORVALLIS OR          10/03",-16.92,DEBIT_CARD,238.20,,
DEBIT,10/02/2017,"ROCKYMTN/PACIFIC POWER BILL 097938621ACHPAY WEB ID: 1930246090",-63.14,ACH_DEBIT,255.12,,
DEBIT,10/02/2017,"FRED MEYE FRED MEYER 0 CORVALLIS OR          10/02",-11.47,DEBIT_CARD,318.26,,
DEBIT,10/02/2017,"USPS PO 40187205 311 S CORVALLIS OR  964337  10/02",-33.50,DEBIT_CARD,329.73,,
DEBIT,10/02/2017,"FOREIGN EXCHANGE RATE ADJUSTMENT FEE         09/30CITIZEN&I",-2.41,FEE_TRANSACTION,363.23,,
DEBIT,10/02/2017,"CITIZEN&IMM-EAPPS ENLIG OTTAWA ON            09/30 CA DOLLAR  100.00 X 0.8056000 (EXCHG RTE)",-80.56,DEBIT_CARD,365.64,,
DEBIT,10/02/2017,"SQ *THAI CHILI Corvallis OR                  09/29",-12.00,DEBIT_CARD,446.20,,
DEBIT,10/02/2017,"PAYPAL*Marcon Dos Sant SAN JOSE CA   609118  10/02",31.48,DEBIT_CARD,458.20,,
DEBIT,09/29/2017,"QuickPay with Zelle payment to OSMAN DOGAN YIRMIBESOGLU 6555086947",-1440.40,QUICKPAY_DEBIT,426.72,,
DEBIT,09/29/2017,"FRED MEYE FRED MEYER 0 CORVALLIS OR          09/28",-4.09,DEBIT_CARD,1867.12,,
CREDIT,09/29/2017,"OSU PAYROLL      PR DEPOSIT                 PPD ID: 9300058016",1582.09,ACH_CREDIT,1871.21,,
DEBIT,09/28/2017,"VESTA  *T-MOBILE 888-278-3397 OR             09/27",-25.75,DEBIT_CARD,289.12,,
DEBIT,09/26/2017,"FRED M FUEL #9070 Q76 CORVALLIS OR           09/25",-40.29,DEBIT_CARD,314.87,,
DEBIT,09/26/2017,"MCDONALD'S F13896 PORTLAND OR                09/24",-9.39,DEBIT_CARD,355.16,,
DEBIT,09/26/2017,"INTERZONE INC Corvallis OR                   09/22",-5.00,DEBIT_CARD,364.55,,
DEBIT,09/25/2017,"WINCO FOODS #3 2335 Nw CORVALLIS OR  029785  09/25",-11.06,DEBIT_CARD,369.55,,
DEBIT,09/25/2017,"FRED MEYE FRED MEYER 0 CORVALLIS OR          09/25",-285.79,DEBIT_CARD,380.61,,
DEBIT,09/25/2017,"SUBWAY        03035730 CORVALLIS OR          09/25",-6.00,DEBIT_CARD,666.40,,
DEBIT,09/25/2017,"DOLLAR TR 2001 NW CIRC CORVALLIS OR          09/24",-5.00,DEBIT_CARD,672.40,,
DEBIT,09/25/2017,"FRED MEYE FRED MEYER 0 CORVALLIS OR          09/24",-28.90,DEBIT_CARD,677.40,,
DEBIT,09/25/2017,"FRED MEYE FRED MEYER 0 CORVALLIS OR          09/23",-8.51,DEBIT_CARD,706.30,,
DEBIT,09/25/2017,"ENTERPRISE RENT-A-CAR CORVALLIS OR           09/22",67.17,DEBIT_CARD,714.81,,
DEBIT,09/19/2017,"FRED MEYER FRED MEYER CORVALLIS OR   801272  09/19",-1.50,DEBIT_CARD,647.64,,
DEBIT,09/19/2017,"FRED MEYE FRED MEYER 0 CORVALLIS OR          09/19",-3.98,DEBIT_CARD,649.14,,
DEBIT,09/19/2017,"NEW CHINA BUFFET CORVALLIS OR                09/18",-15.00,DEBIT_CARD,653.12,,
DEBIT,09/18/2017,"FRED MEYER FRED MEYER CORVALLIS OR   610397  09/18",-0.88,DEBIT_CARD,668.12,,
DEBIT,09/18/2017,"FRED MEYE FRED MEYER 0 CORVALLIS OR          09/17",-7.98,DEBIT_CARD,669.00,,
DEBIT,09/18/2017,"FRED MEYE FRED MEYER 0 CORVALLIS OR          09/17",-5.98,DEBIT_CARD,676.98,,
DEBIT,09/18/2017,"FRED MEYE FRED MEYER 0 CORVALLIS OR          09/17",-5.85,DEBIT_CARD,682.96,,
DEBIT,09/15/2017,"DILLONS 1624 N. ROCK R DERBY KS      611974  09/15",-0.92,DEBIT_CARD,688.81,,
DEBIT,09/13/2017,"TARGET T- 2024 North R Derby KS              09/13",-12.95,DEBIT_CARD,689.73,,
DEBIT,09/13/2017,"DOLLAR TREE 620 N ROCK DERBY KS      318024  09/13",-1.08,DEBIT_CARD,702.68,,
DEBIT,09/12/2017,"TARGET T- 2024 North R Derby KS              09/12",-41.02,DEBIT_CARD,703.76,,
DEBIT,09/12/2017,"DEMPSEY'S BURGER PUB WICHITA KS              09/11",-20.96,DEBIT_CARD,744.78,,
DEBIT,09/12/2017,"CENEX OASIS ON09885930 COLBY KS              09/10",-25.15,DEBIT_CARD,765.74,,
DEBIT,09/11/2017,"THE DELECTABLE EGG DENVER CO                 09/10",-21.16,DEBIT_CARD,790.89,,
DEBIT,09/11/2017,"NAPA AUTO PARTS #214 ESTES PARK CO           09/09",-28.35,DEBIT_CARD,812.05,,
DEBIT,09/11/2017,"CONOCO - NATIONAL PARK ESTES PARK CO         09/09",-33.82,DEBIT_CARD,840.40,,
DEBIT,09/11/2017,"CLDENVER LKWD W LAKEWOOD CO                  09/08",-176.78,DEBIT_CARD,874.22,,
DEBIT,09/11/2017,"HUT AIRPORT SHUTTLE MO 503-3644444 OR        09/07",-45.00,DEBIT_CARD,1051.00,,
DEBIT,09/11/2017,"BOLTBUS - INTERNET PA 214-849-8966 OR        09/09",-19.00,DEBIT_CARD,1096.00,,
DEBIT,09/07/2017,"CIRCLE K 00292 1467 NW CORVALLIS OR          09/07",-0.89,DEBIT_CARD,1115.00,,
DEBIT,09/07/2017,"CAMPUS DOWNWARD DOG CORVALLIS OR             09/06",-14.00,DEBIT_CARD,1115.89,,
DEBIT,09/06/2017,"FRED MEYE FRED MEYER 0 CORVALLIS OR          09/06",-3.46,DEBIT_CARD,1129.89,,
DEBIT,09/06/2017,"FRED MEYER FRED MEYER CORVALLIS OR   630010  09/06",-1.76,DEBIT_CARD,1133.35,,
DEBIT,09/06/2017,"FRONTIER AI C4WVPS 720-3744390 CO            09/05",-96.40,DEBIT_CARD,1135.11,,
DEBIT,09/06/2017,"CAMPUS DOWNWARD DOG CORVALLIS OR             09/05",-14.00,DEBIT_CARD,1231.51,,
DEBIT,09/05/2017,"FRED MEYE FRED MEYER 0 CORVALLIS OR          09/05",-6.48,DEBIT_CARD,1245.51,,
DEBIT,09/05/2017,"FRED MEYER FRED MEYER CORVALLIS OR   749449  09/05",-1.41,DEBIT_CARD,1251.99,,
DEBIT,09/05/2017,"FRED MEYE FRED MEYER 0 CORVALLIS OR          09/05",-13.69,DEBIT_CARD,1253.40,,
DEBIT,09/05/2017,"JACK IN THE BOX 7147 CORVALLIS OR            09/04",-8.08,DEBIT_CARD,1267.09,,
DEBIT,09/05/2017,"FRED MEYE FRED MEYER 0 CORVALLIS OR          09/04",-4.76,DEBIT_CARD,1275.17,,
DEBIT,09/05/2017,"ENTERPRISE RENT-A-CAR CORVALLIS OR           09/04",-18.68,DEBIT_CARD,1279.93,,
DEBIT,09/05/2017,"FRESCA'S MEXICAN GRILL WOODBURN OR           09/04",-11.98,DEBIT_CARD,1298.61,,
DEBIT,09/05/2017,"ARCO WOODBURN WOODBURN OR                    09/04",-20.00,DEBIT_CARD,1310.59,,
DEBIT,09/05/2017,"CHEVRON 0090706 PORTLAND OR                  09/04",-20.00,DEBIT_CARD,1330.59,,
DEBIT,09/05/2017,"76 - UNITED PACIFIC 548 FIFE WA              09/03",-20.00,DEBIT_CARD,1350.59,,
DEBIT,09/05/2017,"REPUBLIC PARKING 30 529 SEATTLE WA           09/03",-6.00,DEBIT_CARD,1370.59,,
DEBIT,09/05/2017,"SUPER 8 BREMERTON BREMERTON WA               09/03",-129.52,DEBIT_CARD,1376.59,,
DEBIT,09/05/2017,"NIJO SUSHI & GRILL SEATTLE WA                09/03",-27.82,DEBIT_CARD,1506.11,,
DEBIT,09/05/2017,"SPACE NEEDLE TICKETS SEATTLE WA              09/03",-60.90,DEBIT_CARD,1533.93,,
DEBIT,09/05/2017,"SQ *MT ST HELENS CELLA Castle Rock WA        09/02",-30.18,DEBIT_CARD,1594.83,,
DEBIT,09/05/2017,"IN *FOREST LEARNING CE TOUTLE WA     167672  09/02",-10.76,DEBIT_CARD,1625.01,,
DEBIT,09/05/2017,"IN *FOREST LEARNING CE TOUTLE WA     165544  09/02",-7.14,DEBIT_CARD,1635.77,,
DEBIT,09/05/2017,"SQ *BMI:SEISMIC SNACKS Castle Rock WA        09/02",-1.00,DEBIT_CARD,1642.91,,
DEBIT,09/05/2017,"CRATER LAKE NP-NORTH E CRATER LAKE OR        09/01",-15.00,DEBIT_CARD,1643.91,,
DEBIT,09/05/2017,"ENTERPRISE RENT-A-CAR CORVALLIS OR           09/01",-250.00,DEBIT_CARD,1658.91,,
DEBIT,09/05/2017,"Al-Jebal Middle Eastern Corvallis OR         08/31",-17.99,DEBIT_CARD,1908.91,,
DEBIT,09/05/2017,"HERTZ RENT-A-CAR CORVALLIS OR                09/01",-72.91,DEBIT_CARD,1926.90,,
DEBIT,09/05/2017,"ROADSIDE ASSISTANCE AGERO.COM MA             09/01",-81.00,DEBIT_CARD,1999.81,,
DEBIT,09/01/2017,"CHEVRON 0091411 LAKE OSWEGO OR               09/01",-22.72,DEBIT_CARD,2080.81,,
DEBIT,09/01/2017,"SQ *EL PARAISO Portland OR                   08/31",-9.35,DEBIT_CARD,2103.53,,
DEBIT,09/01/2017,"MCDONALD'S F13896 PORTLAND OR                08/30",-3.00,DEBIT_CARD,2112.88,,
DEBIT,09/01/2017,"BURGER KING #8647 PORTLAND OR                08/30",-6.27,DEBIT_CARD,2115.88,,
DEBIT,08/31/2017,"ROCKYMTN/PACIFIC POWER BILL 690344112ACHPAY WEB ID: 1930246090",-88.04,ACH_DEBIT,2122.15,,
CREDIT,08/31/2017,"OSU PAYROLL      PR DEPOSIT                 PPD ID: 9300058016",1567.67,ACH_CREDIT,2210.19,,
DEBIT,08/30/2017,"GOODWILL OF CORVAL CORVALLIS OR      168646  08/30",-21.98,DEBIT_CARD,642.52,,
DEBIT,08/30/2017,"WINCO FOODS #3 2335 Nw Corvallis OR          08/30 Purchase $2.18 Cash Back $20.00",-22.18,DEBIT_CARD,664.50,,
DEBIT,08/30/2017,"FRED MEYE FRED MEYER 0 CORVALLIS OR          08/30",-285.79,DEBIT_CARD,686.68,,
DEBIT,08/30/2017,"CHEVRON 0201914 CORVALLIS OR                 08/29",-43.53,DEBIT_CARD,972.47,,
DEBIT,08/30/2017,"SQ *THAI CHILI Corvallis OR                  08/29",-4.60,DEBIT_CARD,1016.00,,
DEBIT,08/29/2017,"VESTA  *T-MOBILE 888-278-3397 OR             08/28",-25.75,DEBIT_CARD,1020.60,,
DEBIT,08/29/2017,"FRED MEYE FRED MEYER 0 CORVALLIS OR          08/29 Purchase $1.00 Cash Back $60.00",-61.00,DEBIT_CARD,1046.35,,
DEBIT,08/29/2017,"ATM WITHDRAWAL                       001951  08/29777 NW KI",-500.00,ATM,1107.35,,
DEBIT,08/29/2017,"FRED MEYE FRED MEYER 0 CORVALLIS OR          08/29",-11.09,DEBIT_CARD,1607.35,,
DEBIT,08/29/2017,"JOES BURGERS OSU CORVALLIS OR                08/28",-6.75,DEBIT_CARD,1618.44,,
DEBIT,08/29/2017,"WOODSTOCKS PIZZA PARLOR CORVALLIS OR         08/27",-25.30,DEBIT_CARD,1625.19,,
DEBIT,08/28/2017,"FRED MEYE FRED MEYER 0 CORVALLIS OR          08/26",-16.67,DEBIT_CARD,1650.49,,
DEBIT,08/28/2017,"DOLLAR TREE 2001 NW CI CORVALLIS OR  564477  08/26",-2.10,DEBIT_CARD,1667.16,,
DEBIT,08/28/2017,"YOGURT EXTREME LLC CORVALLIS OR              08/24",-6.23,DEBIT_CARD,1669.26,,
DEBIT,08/23/2017,"JOES BURGERS OSU CORVALLIS OR                08/22",-4.50,DEBIT_CARD,1675.49,,
DEBIT,08/23/2017,"SHARIS OF CORVALLIS 216 CORVALLIS OR         08/21",-16.98,DEBIT_CARD,1679.99,,
DEBIT,08/22/2017,"AMAZON MARKETPLA INTERNET   091000013167556 WEB ID: 9049016352",-35.99,ACH_DEBIT,1696.97,,
DEBIT,08/21/2017,"FRED MEYE FRED MEYER 0 CORVALLIS OR          08/20",-21.36,DEBIT_CARD,1732.96,,
DEBIT,08/21/2017,"CIRCLE K 00292 1467 NW CORVALLIS OR          08/20",-2.50,DEBIT_CARD,1754.32,,
DEBIT,08/21/2017,"CLODFELTERS CORVALLIS OR                     08/20",-10.00,DEBIT_CARD,1756.82,,
DEBIT,08/21/2017,"FRED MEYE FRED MEYER 0 CORVALLIS OR          08/19",-10.98,DEBIT_CARD,1766.82,,
DEBIT,08/18/2017,"KORIANDER CORVALLIS OR                       08/15",-14.00,DEBIT_CARD,1777.80,,
DEBIT,08/17/2017,"KORIANDER CORVALLIS OR                       08/14",-15.00,DEBIT_CARD,1791.80,,
DEBIT,08/16/2017,"FRED MEYE FRED MEYER 0 CORVALLIS OR          08/16",-4.51,DEBIT_CARD,1806.80,,
DEBIT,08/14/2017,"FRED MEYE FRED MEYER 0 CORVALLIS OR          08/13",-6.50,DEBIT_CARD,1811.31,,
DEBIT,08/14/2017,"CLODFELTERS CORVALLIS OR                     08/13",-7.35,DEBIT_CARD,1817.81,,
DEBIT,08/14/2017,"FRED MEYE FRED MEYER 0 CORVALLIS OR          08/12",-7.88,DEBIT_CARD,1825.16,,
DEBIT,08/14/2017,"CLODFELTERS CORVALLIS OR                     08/11",-7.85,DEBIT_CARD,1833.04,,
DEBIT,08/11/2017,"SUBWAY        03035730 CORVALLIS OR          08/11",-1.29,DEBIT_CARD,1840.89,,
DEBIT,08/10/2017,"7-ELEVEN CORVALLIS OR                        08/10",-1.99,DEBIT_CARD,1842.18,,
DEBIT,08/09/2017,"AMAZON MARKETPLA INTERNET   091000018131868 WEB ID: 9049016352",-13.99,ACH_DEBIT,1844.17,,
DEBIT,08/09/2017,"SQ *CORVALLIS BICYCLE C Corvallis OR         08/08",-15.00,DEBIT_CARD,1858.16,,
DEBIT,08/08/2017,"WINCO FOODS #3 2335 Nw CORVALLIS OR  612769  08/08",-32.96,DEBIT_CARD,1873.16,,
CREDIT,08/08/2017,"$300 for New Checking",300.00,MISC_CREDIT,1906.12,,
DEBIT,08/07/2017,"FRED MEYE FRED MEYER 0 CORVALLIS OR          08/07",-41.00,DEBIT_CARD,1606.12,,
DEBIT,08/07/2017,"PLAYITAGAINSP #10752 1 CORVALLIS OR          08/05",-11.99,DEBIT_CARD,1647.12,,
DEBIT,08/03/2017,"FRED MEYE FRED MEYER 0 CORVALLIS OR          08/03",-10.09,DEBIT_CARD,1659.11,,
DEBIT,08/03/2017,"FRED MEYE FRED MEYER 0 CORVALLIS OR          08/03",-7.32,DEBIT_CARD,1669.20,,
DEBIT,08/02/2017,"ROCKYMTN/PACIFIC POWER BILL 516234791ACHPAY WEB ID: 1930246090",-60.03,ACH_DEBIT,1676.52,,
DEBIT,08/02/2017,"FRED MEYE FRED MEYER 0 CORVALLIS OR          08/02",-5.97,DEBIT_CARD,1736.55,,
DEBIT,08/01/2017,"FRED MEYE FRED MEYER 0 CORVALLIS OR          08/01",-285.79,DEBIT_CARD,1742.52,,
DEBIT,07/31/2017,"FRED MEYE FRED MEYER 0 CORVALLIS OR          07/30",-8.92,DEBIT_CARD,2028.31,,
DEBIT,07/31/2017,"FRED MEYE FRED MEYER 0 CORVALLIS OR          07/29",-26.18,DEBIT_CARD,2037.23,,
DEBIT,07/31/2017,"VESTA  *T-MOBILE 888-278-3397 OR             07/29",-25.75,DEBIT_CARD,2063.41,,
CREDIT,07/31/2017,"OSU PAYROLL      PR DEPOSIT                 PPD ID: 9300058016",1567.67,ACH_CREDIT,2089.16,,
DEBIT,07/28/2017,"FRED MEYE FRED MEYER 0 CORVALLIS OR          07/28",-5.25,DEBIT_CARD,521.49,,
DEBIT,07/27/2017,"DOMINO'S 7201 CORVALLIS OR                   07/26",-4.80,DEBIT_CARD,526.74,,
DEBIT,07/26/2017,"SQ *THAI CHILI Corvallis OR                  07/25",-12.00,DEBIT_CARD,531.54,,
DEBIT,07/25/2017,"FRED MEYE FRED MEYER 0 CORVALLIS OR          07/25",-4.35,DEBIT_CARD,543.54,,
DEBIT,07/24/2017,"FRED MEYE FRED MEYER 0 CORVALLIS OR          07/23",-12.08,DEBIT_CARD,547.89,,
DEBIT,07/24/2017,"GOODWILL OF CORVAL CORVALLIS OR      473298  07/23",-34.98,DEBIT_CARD,559.97,,
DEBIT,07/24/2017,"GOODWILL OF CORVAL CORVALLIS OR      161935  07/23",-22.96,DEBIT_CARD,594.95,,
DEBIT,07/24/2017,"FRED MEYER FRED MEYER CORVALLIS OR   649949  07/22",-2.24,DEBIT_CARD,617.91,,
DEBIT,07/24/2017,"FRED MEYER FRED MEYER CORVALLIS OR   643222  07/22",-1.79,DEBIT_CARD,620.15,,
DEBIT,07/20/2017,"INTERZONE INC Corvallis OR                   07/17",-4.00,DEBIT_CARD,621.94,,
DEBIT,07/19/2017,"FRED MEYE FRED MEYER 0 CORVALLIS OR          07/19",-10.59,DEBIT_CARD,625.94,,
DEBIT,07/18/2017,"HAIRMASTERS CORVALLIS OR                     07/17",-22.25,DEBIT_CARD,636.53,,
DEBIT,07/17/2017,"FRED MEYE FRED MEYER 0 CORVALLIS OR          07/17",-20.67,DEBIT_CARD,658.78,,
DEBIT,07/17/2017,"FRED MEYER FRED MEYER CORVALLIS OR   743465  07/15",-1.43,DEBIT_CARD,679.45,,
DEBIT,07/14/2017,"FRED MEYER FRED MEYER CORVALLIS OR   738129  07/14",-7.11,DEBIT_CARD,680.88,,
DEBIT,07/13/2017,"ATM WITHDRAWAL                       008376  07/13777 NW KI",-20.00,ATM,687.99,,
DEBIT,07/13/2017,"FRED MEYE FRED MEYER 0 CORVALLIS OR          07/13 Purchase $8.84 Cash Back $20.00",-28.84,DEBIT_CARD,707.99,,
DEBIT,07/13/2017,"FRED MEYE FRED MEYER 0 CORVALLIS OR          07/12",-10.66,DEBIT_CARD,736.83,,
DEBIT,07/12/2017,"FRED MEYER FRED MEYER CORVALLIS OR   618429  07/12",-2.29,DEBIT_CARD,747.49,,
DEBIT,07/11/2017,"DOLLAR TR 2001 NW CIRC CORVALLIS OR          07/11",-10.10,DEBIT_CARD,749.78,,
DEBIT,07/11/2017,"FRED MEYE FRED MEYER 0 CORVALLIS OR          07/11",-23.99,DEBIT_CARD,759.88,,
CREDIT,07/11/2017,"PAYPAL           TRANSFER                   PPD ID: PAYPALSD11",71.40,ACH_CREDIT,783.87,,
DEBIT,07/10/2017,"OREGON ST UNIV   PD_ON_ACCT 567539          WEB ID: 9300058003",-564.54,ACH_DEBIT,712.47,,
DEBIT,07/10/2017,"FRED MEYE FRED MEYER 0 CORVALLIS OR          07/09",-7.49,DEBIT_CARD,1277.01,,
DEBIT,07/10/2017,"SUBWAY        03035730 CORVALLIS OR          07/08",-5.99,DEBIT_CARD,1284.50,,
DEBIT,07/10/2017,"FRED MEYER FRED MEYER CORVALLIS OR   957644  07/08",-2.89,DEBIT_CARD,1290.49,,
DEBIT,07/10/2017,"FRED MEYE FRED MEYER 0 CORVALLIS OR          07/08",-6.48,DEBIT_CARD,1293.38,,
CREDIT,07/10/2017,"Chase QuickPay Electronic Transfer 6355942587 from OSMAN DOGAN YIRMIBESOGLU",37.30,QUICKPAY_CREDIT,1299.86,,
DEBIT,07/03/2017,"USPS PO 40187205 311 S CORVALLIS OR  605783  07/03",-286.20,DEBIT_CARD,1262.56,,
DEBIT,06/30/2017,"FRED MEYE FRED MEYER 0 CORVALLIS OR          06/30",-4.40,DEBIT_CARD,1548.76,,
DSLIP,06/30/2017,"DEPOSIT  ID NUMBER 545476",1513.16,DEPOSIT,1553.16,,
DSLIP,06/22/2017,"DEPOSIT  ID NUMBER 695177",40.00,DEPOSIT,40.00,,
